<?xml version="1.0" encoding="UTF-8"?>
<record>
  <leader>01437naa#a2200373#c#4500</leader>
  <controlfield tag="003">DE-605</controlfield>
  <controlfield tag="005">20221006082418.0</controlfield>
  <controlfield tag="007">tu</controlfield>
  <controlfield tag="008">220907|2022####gw ###########|||#|#ger#c</controlfield>
  <controlfield tag="001">99371597489906441</controlfield>
  <datafield tag="035" ind1=" " ind2=" ">
    <subfield code="a">(DE-605)HT021473702</subfield>
  </datafield>
  <datafield tag="040" ind1=" " ind2=" ">
    <subfield code="a">HBZ/ALMA-NZ</subfield>
    <subfield code="b">ger</subfield>
    <subfield code="c">DE-61</subfield>
    <subfield code="d">DE-605</subfield>
    <subfield code="e">rda</subfield>
  </datafield>
  <datafield tag="041" ind1=" " ind2=" ">
    <subfield code="a">ger</subfield>
  </datafield>
  <datafield tag="044" ind1=" " ind2=" ">
    <subfield code="c">XA-DE</subfield>
  </datafield>
  <datafield tag="084" ind1=" " ind2=" ">
    <subfield code="a">Gerresheim</subfield>
    <subfield code="0">https://nwbib.de/spatial#Q472141</subfield>
    <subfield code="2">nwbib</subfield>
  </datafield>
  <datafield tag="084" ind1=" " ind2=" ">
    <subfield code="a">Quellen</subfield>
    <subfield code="0">https://nwbib.de/subjects#N240100</subfield>
    <subfield code="2">nwbib</subfield>
  </datafield>
  <datafield tag="100" ind1="1" ind2=" ">
    <subfield code="a">Stegt, Peter</subfield>
    <subfield code="d">1977-</subfield>
    <subfield code="0">(DE-588)1029444498</subfield>
    <subfield code="4">aft</subfield>
    <subfield code="0">https://d-nb.info/gnd/1029444498</subfield>
    <subfield code="0">http://viaf.org/viaf/35541352</subfield>
    <subfield code="B">GND-1029444498</subfield>
  </datafield>
  <datafield tag="245" ind1="1" ind2="0">
    <subfield code="a">Propaganda vor Ort</subfield>
    <subfield code="b">der Fund war ein Glücksfall : ein Neusser Antiquariat bot ein Konvolut von Nazi-Festschriften aus Gerresheim von 1933-1938 zum Verkauf an : nach dem Erwerb stellte sich heraus, dass es sich um wichtige Quellen zu dieser Zeit handelt</subfield>
    <subfield code="c">von Peter Stegt</subfield>
  </datafield>
  <datafield tag="264" ind1=" " ind2="1">
    <subfield code="c">2022</subfield>
  </datafield>
  <datafield tag="300" ind1=" " ind2=" ">
    <subfield code="b">Illustrationen</subfield>
  </datafield>
  <datafield tag="336" ind1=" " ind2=" ">
    <subfield code="b">txt</subfield>
  </datafield>
  <datafield tag="337" ind1=" " ind2=" ">
    <subfield code="b">n</subfield>
  </datafield>
  <datafield tag="338" ind1=" " ind2=" ">
    <subfield code="b">nc</subfield>
  </datafield>
  <datafield tag="689" ind1="0" ind2="0">
    <subfield code="a">Düsseldorf-Gerresheim</subfield>
    <subfield code="D">g</subfield>
    <subfield code="0">(DE-588)4091329-6</subfield>
    <subfield code="B">GND-040913295</subfield>
  </datafield>
  <datafield tag="689" ind1="0" ind2="1">
    <subfield code="a">Festschrift</subfield>
    <subfield code="D">s</subfield>
    <subfield code="0">(DE-588)4016928-5</subfield>
    <subfield code="B">GND-040169286</subfield>
  </datafield>
  <datafield tag="689" ind1="0" ind2="2">
    <subfield code="a">Quelle</subfield>
    <subfield code="D">s</subfield>
    <subfield code="0">(DE-588)4135952-5</subfield>
    <subfield code="B">GND-041359526</subfield>
  </datafield>
  <datafield tag="689" ind1="0" ind2="3">
    <subfield code="a">Geschichte 1933-1939</subfield>
    <subfield code="A">z</subfield>
  </datafield>
  <datafield tag="035" ind1=" " ind2=" ">
    <subfield code="a">(DE-599)HBZHT021473702</subfield>
  </datafield>
  <datafield tag="960" ind1="1" ind2=" ">
    <subfield code="n">NWBib-61</subfield>
  </datafield>
  <datafield tag="964" ind1="0" ind2="s">
    <subfield code="F">051</subfield>
    <subfield code="A">a|||||||</subfield>
  </datafield>
  <datafield tag="964" ind1="0" ind2="i">
    <subfield code="I">marc-FMT via MAB2MARC</subfield>
    <subfield code="F">FMT</subfield>
    <subfield code="A">BK</subfield>
  </datafield>
  <datafield tag="964" ind1="0" ind2="s">
    <subfield code="F">030</subfield>
    <subfield code="A">a|zur||||||17</subfield>
  </datafield>
  <datafield tag="964" ind1="0" ind2="s">
    <subfield code="F">050</subfield>
    <subfield code="A">a|a|||||||||||</subfield>
  </datafield>
  <datafield tag="773" ind1="0" ind2="8">
    <subfield code="i">Enthalten in</subfield>
    <subfield code="t">Gerrikuss</subfield>
    <subfield code="d">Düsseldorf, 2022</subfield>
    <subfield code="g">5. Jahrgang, Nr. 3 (2022), Seite 6-13</subfield>
    <subfield code="w">(DE-600)2925036-5</subfield>
  </datafield>
  <datafield tag="MBD" ind1=" " ind2=" ">
    <subfield code="M">49HBZ_NETWORK</subfield>
    <subfield code="i">99371597489906441</subfield>
    <subfield code="n">HBZ Network</subfield>
  </datafield>
  <datafield tag="MNG" ind1=" " ind2=" ">
    <subfield code="c">System</subfield>
    <subfield code="f">OTHER</subfield>
    <subfield code="i">marc21</subfield>
    <subfield code="l">55</subfield>
    <subfield code="k">01</subfield>
    <subfield code="e">false</subfield>
    <subfield code="d">2026-02-05 00:43:30 Europe/Berlin</subfield>
    <subfield code="g">99371597489906441</subfield>
    <subfield code="j">60</subfield>
    <subfield code="a">ritterr######49HBZ_DUE</subfield>
    <subfield code="b">2022-09-07 14:10:54 Europe/Berlin</subfield>
  </datafield>
  <datafield tag="GSI" ind1="7" ind2=" ">
    <subfield code="a">http://d-nb.info/gnd/1029444498</subfield>
    <subfield code="2">uri</subfield>
    <subfield code="A">GND</subfield>
    <subfield code="B">GND-1029444498</subfield>
    <subfield code="C">024</subfield>
  </datafield>
  <datafield tag="GST" ind1=" " ind2=" ">
    <subfield code="a">Akten</subfield>
    <subfield code="g">Formschlagwort</subfield>
    <subfield code="A">GND</subfield>
    <subfield code="B">GND-041359526</subfield>
    <subfield code="C">450</subfield>
  </datafield>
  <datafield tag="GST" ind1=" " ind2=" ">
    <subfield code="a">Augenzeugenbericht</subfield>
    <subfield code="g">Formschlagwort</subfield>
    <subfield code="A">GND</subfield>
    <subfield code="B">GND-041359526</subfield>
    <subfield code="C">450</subfield>
  </datafield>
  <datafield tag="GST" ind1=" " ind2=" ">
    <subfield code="a">Texte</subfield>
    <subfield code="g">Formschlagwort</subfield>
    <subfield code="A">GND</subfield>
    <subfield code="B">GND-041359526</subfield>
    <subfield code="C">450</subfield>
  </datafield>
  <datafield tag="GST" ind1=" " ind2=" ">
    <subfield code="a">Historische Quelle</subfield>
    <subfield code="A">GND</subfield>
    <subfield code="B">GND-041359526</subfield>
    <subfield code="C">450</subfield>
  </datafield>
  <datafield tag="GST" ind1=" " ind2=" ">
    <subfield code="a">Geschichtsquelle</subfield>
    <subfield code="A">GND</subfield>
    <subfield code="B">GND-041359526</subfield>
    <subfield code="C">450</subfield>
  </datafield>
  <datafield tag="GST" ind1=" " ind2=" ">
    <subfield code="a">Quellensammlung</subfield>
    <subfield code="A">GND</subfield>
    <subfield code="B">GND-041359526</subfield>
    <subfield code="C">450</subfield>
  </datafield>
  <datafield tag="GST" ind1=" " ind2=" ">
    <subfield code="a">Quellen</subfield>
    <subfield code="A">GND</subfield>
    <subfield code="B">GND-041359526</subfield>
    <subfield code="C">450</subfield>
  </datafield>
  <datafield tag="GSI" ind1="7" ind2=" ">
    <subfield code="a">4135952-5</subfield>
    <subfield code="0">http://d-nb.info/gnd/4135952-5</subfield>
    <subfield code="2">gnd</subfield>
    <subfield code="A">GND</subfield>
    <subfield code="B">GND-041359526</subfield>
    <subfield code="C">024</subfield>
  </datafield>
  <datafield tag="GST" ind1=" " ind2=" ">
    <subfield code="a">Gedächtnisschrift</subfield>
    <subfield code="g">Festschrift</subfield>
    <subfield code="A">GND</subfield>
    <subfield code="B">GND-040169286</subfield>
    <subfield code="C">450</subfield>
  </datafield>
  <datafield tag="GST" ind1=" " ind2=" ">
    <subfield code="a">Gedenkschrift</subfield>
    <subfield code="A">GND</subfield>
    <subfield code="B">GND-040169286</subfield>
    <subfield code="C">450</subfield>
  </datafield>
  <datafield tag="GST" ind1=" " ind2=" ">
    <subfield code="a">Festschriften</subfield>
    <subfield code="A">GND</subfield>
    <subfield code="B">GND-040169286</subfield>
    <subfield code="C">450</subfield>
  </datafield>
  <datafield tag="GSI" ind1="7" ind2=" ">
    <subfield code="a">4016928-5</subfield>
    <subfield code="0">http://d-nb.info/gnd/4016928-5</subfield>
    <subfield code="2">gnd</subfield>
    <subfield code="A">GND</subfield>
    <subfield code="B">GND-040169286</subfield>
    <subfield code="C">024</subfield>
  </datafield>
  <datafield tag="GSI" ind1="7" ind2=" ">
    <subfield code="a">4091329-6</subfield>
    <subfield code="0">http://d-nb.info/gnd/4091329-6</subfield>
    <subfield code="2">gnd</subfield>
    <subfield code="A">GND</subfield>
    <subfield code="B">GND-040913295</subfield>
    <subfield code="C">024</subfield>
  </datafield>
  <datafield tag="GSI" ind1="7" ind2=" ">
    <subfield code="a">2920958</subfield>
    <subfield code="2">geonames</subfield>
    <subfield code="A">GND</subfield>
    <subfield code="B">GND-040913295</subfield>
    <subfield code="C">024</subfield>
  </datafield>
</record>
